<?xml version="1.0" encoding="UTF-8"?><collection xmlns="http://www.loc.gov/MARC21/slim"><record><leader>00465nam--2200169-i-4500</leader><controlfield tag="001">000008947</controlfield><controlfield tag="002">20161230</controlfield><controlfield tag="005">20161230201028</controlfield><controlfield tag="008">060222s1000------------r-----000-0-eng-d</controlfield><datafield ind1=" " ind2=" " tag="040"><subfield code="a">IFIN-HH</subfield></datafield><datafield ind1=" " ind2=" " tag="080"><subfield code="a">531</subfield></datafield><datafield ind1="1" ind2=" " tag="100"><subfield code="a">Abir, David</subfield></datafield><datafield ind1="1" ind2="0" tag="245"><subfield code="a">Contributions to mechanics</subfield><subfield code="b">Markus reiner eightieth anniversary volume</subfield><subfield code="c">David Abir (Ed.)</subfield></datafield><datafield ind1=" " ind2=" " tag="260"><subfield code="a">Oxford, Pergamon Press, 1969</subfield></datafield><datafield ind1=" " ind2=" " tag="300"><subfield code="a">XIII + 445 P</subfield></datafield><datafield ind1=" " ind2=" " tag="852"><subfield code="a">31071</subfield><subfield code="c">531</subfield></datafield><datafield ind1=" " ind2=" " tag="CAT"><subfield code="a">Sys</subfield><subfield code="c">20100623</subfield><subfield code="h">135414</subfield></datafield></record></collection>